@book{harrell2015regression,
  title={Regression modeling strategies: with applications to linear models, logistic and ordinal regression, and survival analysis},
  author={Harrell Jr, Frank E},
  year={2015},
  publisher={Springer}
}